1970-01-01 open Assets:Checking
1970-01-01 open Assets:Equity:AAPL
1970-01-01 open Assets:Equity:ABNB
1970-01-01 open Assets:Equity:NIFTY
1970-01-01 open Expenses:Rent
1970-01-01 open Income:CapitalGains:Equity:AAPL
1970-01-01 open Income:Interest:Checking
1970-01-01 open Income:Salary:Acme
1970-01-01 open Assets:Coinbase:BTC

1970-01-01 commodity AAPL
1970-01-01 commodity ABNB
1970-01-01 commodity INR
1970-01-01 commodity NIFTY
1970-01-01 commodity USD
1970-01-01 commodity BTC

2022-01-07 price NIFTY 100 INR
2022-02-07 price NIFTY 100.273 INR

2022-01-01 txn "Salary"
  Income:Salary:Acme                      -100,000 INR
  Assets:Checking                          100,000 INR

2022-01-03 txn "Rent"
  Assets:Checking                          -20,000 INR
  Expenses:Rent

2022-01-06 txn "Bonus"
  Income:Salary:Acme                       -20,000 INR
  Assets:Checking                           20,000 INR

2022-01-07 txn "Investment"
  Assets:Checking                          -80,000 INR
  Assets:Equity:NIFTY                          800 NIFTY {100 INR}

2022-01-08 txn "Buy ABNB"
  Assets:Equity:ABNB                          0.76 ABNB {131.27 USD}
  Assets:Checking

2022-01-08 txn "Buy Apple"
  Assets:Equity:AAPL                           100 AAPL {100 INR}
  Assets:Checking

2022-01-09 txn "Sell"
  Assets:Equity:AAPL                          -100 AAPL {100 INR} @ 100.273 INR
  Income:CapitalGains:Equity:AAPL            -27.3 INR
  Assets:Checking                          10027.3 INR

2022-01-08 price USD 80.442048 INR

2022-01-10 txn "Purchased 0.00000001 BTC"
  Assets:Coinbase:BTC                    0.00000001 BTC {42772 USD}
  Assets:Checking                       -0.00042772 USD

2022-01-31 txn "Interest"
  ; Global note
  ; :interest:
  Income:Interest:Checking                  -1,000 INR ; Posting note
  Assets:Checking

2022/01/31 balance Assets:Equity:NIFTY  800 NIFTY
