commodity INR 9,99,99,999.00

P 2022/01/07 00:00:00 NIFTY 100 INR
P 2022/02/07 00:00:00 NIFTY 100.273 INR

2022/01/01 Salary
    Income:Salary:Acme                      -100,000 INR
    Assets:Checking                          100,000 INR

2022/01/03 Rent
    Assets:Checking                          -20,000 INR
    Expenses:Rent

2022/01/06 Bonus
    Income:Salary:Acme                       -20,000 INR
    Assets:Checking                           20,000 INR

2022/01/07 Investment
    Assets:Checking                          -80,000 INR
    Assets:Equity:NIFTY                          800 NIFTY @ 100 INR

2022/01/08 Buy ABNB
    Assets:Equity:ABNB                          0.76 ABNB @ 131.27 USD
    Assets:Checking

2022/01/08 Buy Apple
    Assets:Equity:AAPL                           100 AAPL @ 100 INR
    Assets:Checking

2022/01/09 Sell
    Assets:Equity:AAPL                          -100 AAPL {100 INR} @ 100.273 INR
    Income:CapitalGains:Equity:AAPL            -27.3 INR
    Assets:Checking                          10027.3 INR

2022/01/09 Multi Currency Debit
    Expenses:Charges                             100 INR
    Assets:Dollar                                 10 USD
    Assets:Checking

P 2022/01/08 00:00:00 USD 80.442048 INR

2022/01/31 Interest
    ; Global note
    ; :interest:
    Income:Interest:Checking                  -1,000 INR ; Posting note
    Assets:Checking

2022/01/31 * Asset balance
  Assets:Equity:NIFTY  =800 NIFTY
